<collection xmlns='http://www.loc.gov/MARC21/slim' xmlns:xsi='http://www.w3.org/2001/XMLSchema-instance' xsi:schemaLocation='http://www.loc.gov/standards/marcxml/schema/MARC21slim.xsd'>
  <record xmlns="http://www.loc.gov/MARC21/slim">
    <leader>00000cam a2200000Ma 4500</leader>
    <controlfield tag="001">on1144798770</controlfield>
    <controlfield tag="008">170620s1681    tu p          000 0 ara d</controlfield>
    <datafield tag="040" ind1=" " ind2=" ">
      <subfield code="a">TEU</subfield>
      <subfield code="b">eng</subfield>
      <subfield code="e">dcrmmss</subfield>
      <subfield code="c">TEU</subfield>
      <subfield code="d">TEU</subfield>
      <subfield code="d">OCLCO</subfield>
    </datafield>
    <datafield tag="035" ind1=" " ind2=" ">
      <subfield code="a">(TEU)991031795839703811</subfield>
    </datafield>
    <datafield tag="049" ind1=" " ind2=" ">
      <subfield code="a">TEUU</subfield>
    </datafield>
	<datafield tag="099" ind1=" " ind2=" ">
      <subfield code="a">SCRC 448</subfield>
    </datafield>
    <datafield tag="100" ind1="1" ind2=" ">
      <subfield code="6">880-01</subfield>
      <subfield code="a">Anqirāwī, Shujāʻ ibn Nūr Allāh,</subfield>
      <subfield code="d">active 16th century.</subfield>
    </datafield>
    <datafield tag="240" ind1="1" ind2="0">
      <subfield code="6">880-02</subfield>
      <subfield code="a">Ḥall al-mushkilāt fī al-farāʼiḍ</subfield>
    </datafield>
    <datafield tag="245" ind1="1" ind2="0">
      <subfield code="6">880-03</subfield>
      <subfield code="a">Ḥall al-mushkilāt.</subfield>
    </datafield>
    <datafield tag="264" ind1=" " ind2="0">
      <subfield code="a">[Turkey?]</subfield>
      <subfield code="c">1681.</subfield>
    </datafield>
    <datafield tag="300" ind1=" " ind2=" ">
      <subfield code="a">169 leaves :</subfield>
      <subfield code="b">paper, illumination ;</subfield>
      <subfield code="c">95 x 190 mm, bound to 98 x 190 mm.</subfield>
    </datafield>
    <datafield tag="336" ind1=" " ind2=" ">
      <subfield code="a">text</subfield>
      <subfield code="b">txt</subfield>
      <subfield code="2">rdacontent</subfield>
    </datafield>
    <datafield tag="337" ind1=" " ind2=" ">
      <subfield code="a">unmediated</subfield>
      <subfield code="b">n</subfield>
      <subfield code="2">rdamedia</subfield>
    </datafield>
    <datafield tag="338" ind1=" " ind2=" ">
      <subfield code="a">volume</subfield>
      <subfield code="b">nc</subfield>
      <subfield code="2">rdacarrier</subfield>
    </datafield>
    <datafield tag="340" ind1=" " ind2=" ">
      <subfield code="d">manuscript.</subfield>
    </datafield>
    <datafield tag="500" ind1=" " ind2=" ">
      <subfield code="a">Manuscript codex.</subfield>
    </datafield>
    <datafield tag="500" ind1=" " ind2=" ">
      <subfield code="a">Title from introduction (f. [2]r).</subfield>
    </datafield>
    <datafield tag="500" ind1=" " ind2=" ">
      <subfield code="a">Foliation: Unfoliated.</subfield>
    </datafield>
    <datafield tag="500" ind1=" " ind2=" ">
      <subfield code="a">Layout: 21 long lines; frame-ruled.</subfield>
    </datafield>
    <datafield tag="500" ind1=" " ind2=" ">
      <subfield code="a">Collation: Paper, 169. Catchwords on each leaf, lower left verso.</subfield>
    </datafield>
    <datafield tag="500" ind1=" " ind2=" ">
      <subfield code="a">Script: Written in naskh in black and red ink; pointed.</subfield>
    </datafield>
    <datafield tag="500" ind1=" " ind2=" ">
      <subfield code="a">Decoration: Illuminated headpiece surmounted polychrome and gold arches. Some rubrications; textblock border-ruled in gold or red.</subfield>
    </datafield>
    <datafield tag="500" ind1=" " ind2=" ">
      <subfield code="a">Origin: Copy completed in Rajab 1092 A.H. (1681 CE) by Aḥmad ibn Muṣṭafá (colophon).</subfield>
    </datafield>
    <datafield tag="500" ind1=" " ind2=" ">
      <subfield code="a">Condition: Some pages adhered (f. [42-43], [50-51], [59-60], [115-116]) and therefore not photographed for the digital facsimile; damp staining sometimes obscuring text at the bottom of the page.</subfield>
    </datafield>
    <datafield tag="500" ind1=" " ind2=" ">
      <subfield code="a">Watermark: Countermark of trefoil and initials EB.</subfield>
    </datafield>
    <datafield tag="506" ind1="0" ind2=" ">
      <subfield code="a">Open for research.</subfield>
    </datafield>
    <datafield tag="506" ind1="1" ind2=" ">
      <subfield code="a">This manuscript may be housed off-site at the Library Depository, and require up to 48 hours to retrieve. Please contact the Special Collections Research Center in advance of your visit, so that materials may be relocated to the reading room for research.</subfield>
    </datafield>
    <datafield tag="520" ind1="2" ind2=" ">
      <subfield code="a">A Hanafi treatise on Islamic inheritance law.</subfield>
    </datafield>
    <datafield tag="524" ind1="8" ind2=" ">
      <subfield code="a">Ḥall al-mushkilāt, SCRC 448, Special Collections Research Center, Temple University Libraries, Philadelphia, Pennsylvania.</subfield>
    </datafield>
    <datafield tag="540" ind1=" " ind2=" ">
      <subfield code="a">The Ḥall al-mushkilāt is the physical property of the Special Collections Research Center, Temple University Libraries. The work is in the public domain. Please include a complete citation in your work.</subfield>
    </datafield>
    <datafield tag="541" ind1=" " ind2=" ">
      <subfield code="a">Librarie Ancienne des Trois Islets ;</subfield>
      <subfield code="c">Purchase ;</subfield>
      <subfield code="d">June 2017.</subfield>
    </datafield>
    <datafield tag="546" ind1=" " ind2=" ">
      <subfield code="a">Materials in Arabic.</subfield>
    </datafield>
    <datafield tag="563" ind1=" " ind2=" ">
      <subfield code="a">Red leather binding with marbled paper.</subfield>
    </datafield>
    <datafield tag="580" ind1=" " ind2=" ">
      <subfield code="a">Forms part of the Individual Manuscripts and Small Collections.</subfield>
    </datafield>
    <datafield tag="650" ind1=" " ind2="0">
      <subfield code="a">Manuscripts, Arabic</subfield>
      <subfield code="y">17th century.</subfield>
    </datafield>
    <datafield tag="650" ind1=" " ind2="0">
      <subfield code="a">Islamic law</subfield>
      <subfield code="v">Early works to 1800.</subfield>
    </datafield>
    <datafield tag="650" ind1=" " ind2="0">
      <subfield code="a">Inheritance and succession (Islamic law)</subfield>
      <subfield code="v">Early works to 1800.</subfield>
    </datafield>
    <datafield tag="655" ind1=" " ind2="7">
      <subfield code="a">Codices (bound manuscripts)</subfield>
      <subfield code="2">aat</subfield>
    </datafield>
    <datafield tag="655" ind1=" " ind2="7">
      <subfield code="a">Manuscripts (documents)</subfield>
      <subfield code="2">aat</subfield>
    </datafield>
    <datafield tag="700" ind1="0" ind2=" ">
      <subfield code="6">880-04</subfield>
      <subfield code="a">Aḥmad ibn Muṣṭafá,</subfield>
      <subfield code="d">active 17th century,</subfield>
      <subfield code="e">scribe.</subfield>
    </datafield>
    <datafield tag="773" ind1="0" ind2="8">
      <subfield code="t">Individual Manuscripts and Small Collections</subfield>
    </datafield>
    <datafield tag="852" ind1=" " ind2=" ">
      <subfield code="a">Temple University</subfield>
      <subfield code="b">Special Collections Research Center</subfield>
      <subfield code="e">Philadelphia, United States</subfield>
      <subfield code="u">https://librarysearch.temple.edu/catalog/991031795839703811</subfield>
    </datafield>
    <datafield tag="856" ind1="4" ind2="1">
      <subfield code="z">Digital facsimile in OPenn</subfield>
      <subfield code="u">https://openn.library.upenn.edu/Data/0030/html/SCRC_448.html</subfield>
    </datafield>
    <datafield tag="880" ind1="1" ind2=" ">
      <subfield code="6">100-01/(3/r</subfield>
      <subfield code="a">انقراوي، شجاع بن نور الله،</subfield>
      <subfield code="d">active 16th century.</subfield>
    </datafield>
    <datafield tag="880" ind1="1" ind2="0">
      <subfield code="6">240-02/(3/r</subfield>
      <subfield code="a">حل المشكلات في الفرائض</subfield>
    </datafield>
    <datafield tag="880" ind1="1" ind2="0">
      <subfield code="6">245-03/(3/r</subfield>
      <subfield code="a">حل المشكلات.</subfield>
    </datafield>
    <datafield tag="880" ind1="0" ind2=" ">
      <subfield code="6">700-04/(3/r</subfield>
      <subfield code="a">احمد بن مصطفى،</subfield>
      <subfield code="d">active 17th century,</subfield>
      <subfield code="e">scribe.</subfield>
    </datafield>
    <datafield tag="066" ind1=" " ind2=" ">
      <subfield code="c">(3</subfield>
    </datafield>
  </record></collection>